@article{Bennett:2006fi,
      author         = "Bennett, G. W. and others",
      title          = "{Final Report of the Muon E821 Anomalous Magnetic Moment
                        Measurement at BNL}",
      collaboration  = "Muon g-2",
      journal        = "Phys. Rev.",
      volume         = "D73",
      year           = "2006",
      pages          = "072003",
      doi            = "10.1103/PhysRevD.73.072003",
      eprint         = "hep-ex/0602035",
      archivePrefix  = "arXiv",
      primaryClass   = "hep-ex",
      SLACcitation   = "%%CITATION = HEP-EX/0602035;%%"
}
@article{TDRsummarypaper,
      author         = "The J-PARC E34 collaboration",
      title          = "{A New Approach for Measuring Muon's Anomalous Magnetic Moment and Electric Dipole Moment}",
      collaboration  = "The J-PARC muon $g-2$/EDM collaboration",
      journal        = "to be submitted",
      volume         = "",
      year           = "2018",
      pages          = "",
      doi            = "",
      eprint         = "",
      archivePrefix  = "",
      primaryClass   = "",
      SLACcitation   = ""
}
@article{Grange:2015fou,
      author         = "Grange, J. and others",
      title          = "{Muon (g-2) Technical Design Report}",
      collaboration  = "Muon g-2",
      year           = "2015",
      eprint         = "1501.06858",
      archivePrefix  = "arXiv",
      primaryClass   = "physics.ins-det",
      reportNumber   = "FERMILAB-FN-0992-E, FERMILAB-DESIGN-2014-02",
      SLACcitation   = "%%CITATION = ARXIV:1501.06858;%%"
}
@article{Bennett:2008dy,
      author         = "Bennett, G. W. and others",
      title          = "{An Improved Limit on the Muon Electric Dipole Moment}",
      collaboration  = "Muon (g-2)",
      journal        = "Phys. Rev.",
      volume         = "D80",
      year           = "2009",
      pages          = "052008",
      doi            = "10.1103/PhysRevD.80.052008",
      eprint         = "0811.1207",
      archivePrefix  = "arXiv",
      primaryClass   = "hep-ex",
      SLACcitation   = "%%CITATION = ARXIV:0811.1207;%%"
}
@article{Fukuyama:2016xpk,
      author         = "Fukuyama, Takeshi",
      title          = "{General spin precession and betatron oscillation in
                        storage rings}",
      journal        = "Mod. Phys. Lett.",
      volume         = "A31",
      year           = "2016",
      number         = "23",
      pages          = "1650135",
      doi            = "10.1142/S0217732316501352",
      eprint         = "1602.07923",
      archivePrefix  = "arXiv",
      primaryClass   = "physics.acc-ph",
      SLACcitation   = "%%CITATION = ARXIV:1602.07923;%%"
}
@article{Fukuyama:2016zsi,
      author         = "Fukuyama, Takeshi",
      title          = "{Addenda to General Spin Precession and Betatron
                        Oscillation in Storage Ring}",
      journal        = "Mod. Phys. Lett.",
      volume         = "A32",
      year           = "2017",
      pages          = "1791001",
      doi            = "10.1142/S0217732317910011",
      eprint         = "1608.05784",
      archivePrefix  = "arXiv",
      primaryClass   = "hep-ph",
      SLACcitation   = "%%CITATION = ARXIV:1608.05784;%%"
}
@article{Silenko:2017iyv,
      author         = "Silenko, Alexander J.",
      title          = "{General description of spin motion in storage rings in
                        the presence of oscillating horizontal fields}",
      journal        = "EPL",
      volume         = "118",
      year           = "2017",
      number         = "6",
      pages          = "61003",
      doi            = "10.1209/0295-5075/118/61003",
      eprint         = "1706.02065",
      archivePrefix  = "arXiv",
      primaryClass   = "physics.acc-ph",
      SLACcitation   = "%%CITATION = ARXIV:1706.02065;%%"
}

%%% contains utf-8, see: https://inspirehep.net/info/faq/general#utf8
%%% add \usepackage[utf8]{inputenc} to your latex preamble

@article{Semertzidis:2016kte,
      author         = "Semertzidis, Yannis K.",
      title          = "{Spin and Beam Dynamics in the Muon (g−2)
                        Experiments}",
      journal        = "J. Phys. Soc. Jap.",
      volume         = "85",
      year           = "2016",
      number         = "9",
      pages          = "091001",
      doi            = "10.7566/JPSJ.85.091001",
      SLACcitation   = "%%CITATION = JUPSA,85,091001;%%"
}
%%% contains utf-8, see: https://inspirehep.net/info/faq/general#utf8
%%% add \usepackage[utf8]{inputenc} to your latex preamble

@article{Silenko:2017vvd,
      author         = "Silenko, Alexander J.",
      title          = "{Corrections for a constant radial magnetic field in the
                        muon g–2 and electric-dipole-moment experiments in
                        storage rings}",
      journal        = "Eur. Phys. J.",
      volume         = "C77",
      year           = "2017",
      number         = "10",
      pages          = "695",
      doi            = "10.1140/epjc/s10052-017-5229-3",
      eprint         = "1705.10859",
      archivePrefix  = "arXiv",
      primaryClass   = "physics.acc-ph",
      SLACcitation   = "%%CITATION = ARXIV:1705.10859;%%"
}
@article{Liu:1999iz,
      author         = "Liu, Weiwen and others",
      title          = "{High precision measurements of the ground state
                        hyperfine structure interval of muonium and of the muon
                        magnetic moment}",
      journal        = "Phys. Rev. Lett.",
      volume         = "82",
      year           = "1999",
      pages          = "711-714",
      doi            = "10.1103/PhysRevLett.82.711",
      SLACcitation   = "%%CITATION = PRLTA,82,711;%%"
}
@article{Shimomura:2015aza,
      author         = "Shimomura, K.",
      title          = "{Muonium in J-PARC; from fundamental to application}",
      booktitle      = "{Proceedings, 5th International Conference on Exotic
                        Atoms and Related Topics (EXA2014): Vienna, Austria,
                        September 15-19, 2014}",
      journal        = "Hyperfine Interact.",
      volume         = "233",
      year           = "2015",
      number         = "1-3",
      pages          = "89-95",
      doi            = "10.1007/s10751-015-1159-3",
      SLACcitation   = "%%CITATION = HYIND,233,89;%%"
}
@article{Konopinski:1959qr,
      author         = "Konopinski, E. J.",
      title          = "{The experimental clarification of the laws of
                        beta-radioactivity}",
      journal        = "Ann. Rev. Nucl. Part. Sci.",
      volume         = "9",
      year           = "1959",
      pages          = "99-158",
      doi            = "10.1146/annurev.ns.09.120159.000531",
      SLACcitation   = "%%CITATION = ARNUA,9,99;%%"
}
@article{Higemoto:2017,
      author         = "Higemoto, W and others",
      title          = "{Materials and Life Science Experimental Facility at the Japan Proton Accelerator Research Complex IV: The Muon Facility}",
      journal        = "Quantum Beam Sci.",
      volume         = "1",
      year           = "2017",
      pages          = "1",
      doi            = "10.3390/qubs1010011",
      SLACcitation   = ""
}
@article{Keshavarzi:2018mgv,
      author         = "Keshavarzi, Alexander and Nomura, Daisuke and Teubner,
                        Thomas",
      title          = "{Muon $g-2$ and $\alpha(M_Z^2)$: a new data-based
                        analysis}",
      journal        = "Phys. Rev.",
      volume         = "D97",
      year           = "2018",
      number         = "11",
      pages          = "114025",
      doi            = "10.1103/PhysRevD.97.114025",
      eprint         = "1802.02995",
      archivePrefix  = "arXiv",
      primaryClass   = "hep-ph",
      reportNumber   = "LTH 1153, KEK-TH-2035, LTH-1153, YITP-18-09, LTH 1153;
                        KEK-TH-2035; YITP-18-09",
      SLACcitation   = "%%CITATION = ARXIV:1802.02995;%%"
}
@article{Bae:2018atj,
      author         = "Bae, S. and others",
      title          = "{First muon acceleration using a radio frequency
                        accelerator}",
      journal        = "Phys. Rev. Accel. Beams",
      volume         = "21",
      year           = "2018",
      number         = "5",
      pages          = "050101",
      doi            = "10.1103/PhysRevAccelBeams.21.050101",
      eprint         = "1803.07891",
      archivePrefix  = "arXiv",
      primaryClass   = "physics.acc-ph",
      SLACcitation   = "%%CITATION = ARXIV:1803.07891;%%"
}
@article{Strasser:2014dsa,
      author         = "Strasser, P. and others",
      title          = "{Design and construction of the ultra-slow muon beamline
                        at J-PARC/MUSE}",
      booktitle      = "{Proceedings, 13th International Conference on Muon Spin
                        Rotation, Relaxation and Resonance (muSR2014):
                        Grindelwald, Switzerland, June 1-6, 2014}",
      journal        = "J. Phys. Conf. Ser.",
      volume         = "551",
      year           = "2014",
      number         = "1",
      pages          = "012065",
      doi            = "10.1088/1742-6596/551/1/012065",
      SLACcitation   = "%%CITATION = 00462,551,012065;%%"
}
@article{Kawamura:2014hja,
      author         = "Kawamura, Naritoshi and Toyoda, Akihisa and Mibe, Tsutomu
                        and Saito, Naohito and Aoki, Masaharu and Shimomura,
                        Koichiro and Miyake, Yasuhiro",
      title          = "{H Line; A Beamline for Fundamental Physics in J-PARC}",
      booktitle      = "{Proceedings, International Symposium on Science Explored
                        by Ultra Slow Muon (USM2013): Matsue, Shimane, Japan, 
                        August 9-12, 2013}",
      journal        = "JPS Conf. Proc.",
      volume         = "2",
      year           = "2014",
      pages          = "010112",
      doi            = "10.7566/JPSCP.2.010112",
      SLACcitation   = "%%CITATION = INSPIRE-1352241;%%"
}
@article{Tabata:2011aa,
      author         = "Tabata, Makoto and Adachi, Ichiro and Kawai, Hideyuki and
                        Sumiyoshi, Takayuki and Yokogawa, Hiroshi",
      title          = "{Hydrophobic silica aerogel production at KEK}",
      journal        = "Nucl. Instrum. Meth.",
      volume         = "A668",
      year           = "2012",
      pages          = "64-70",
      doi            = "10.1016/j.nima.2011.12.017",
      eprint         = "1112.3121",
      archivePrefix  = "arXiv",
      primaryClass   = "physics.ins-det",
      SLACcitation   = "%%CITATION = ARXIV:1112.3121;%%"
}
@article{Bakule:2013poa,
      author         = "Bakule, P. and others",
      title          = "{Measurement of muonium emission from silica aerogel}",
      journal        = "PTEP",
      volume         = "2013",
      year           = "2013",
      pages          = "103C01",
      doi            = "10.1093/ptep/ptt080",
      eprint         = "1306.3810",
      archivePrefix  = "arXiv",
      primaryClass   = "physics.atom-ph",
      SLACcitation   = "%%CITATION = ARXIV:1306.3810;%%"
}
@article{Beer:2014ooa,
      author         = "Beer, G. A. and others",
      title          = "{Enhancement of muonium emission rate from silica aerogel
                        with a laser ablated surface}",
      journal        = "PTEP",
      volume         = "2014",
      year           = "2014",
      pages          = "091C01",
      doi            = "10.1093/ptep/ptu116",
      eprint         = "1407.8248",
      archivePrefix  = "arXiv",
      primaryClass   = "physics.ins-det",
      SLACcitation   = "%%CITATION = ARXIV:1407.8248;%%"
}
@article{Abe:2018tmp,
      author         = "Abe, M. and Murata, Y. and Iinuma, H. and Ogitsu, T. and
                        Saito, N. and Sasaki, K. and Mibe, T. and Nakayama, H.",
      title          = "{Magnetic design and method of a superconducting magnet
                        for muon g−2 /EDM precise measurements in a cylindrical
                        volume with homogeneous magnetic field}",
      journal        = "Nucl. Instrum. Meth.",
      volume         = "A890",
      year           = "2018",
      pages          = "51-63",
      doi            = "10.1016/j.nima.2018.01.026",
      SLACcitation   = "%%CITATION = NUIMA,A890,51;%%"
}
@article{Iinuma:2016zfu,
      author         = "Iinuma, Hiromi and Nakayama, Hisayoshi and Oide,
                        Katsunobu and Sasaki, Ken-ichi and Saito, Naohito and
                        Mibe, Tsutomu and Abe, Mitsushi",
      title          = "{Three-dimensional spiral injection scheme for the
                        g-2/EDM experiment at J-PARC}",
      journal        = "Nucl. Instrum. Meth.",
      volume         = "A832",
      year           = "2016",
      pages          = "51-62",
      doi            = "10.1016/j.nima.2016.05.126",
      SLACcitation   = "%%CITATION = NUIMA,A832,51;%%"
}
@article{Kim:2018aah,
      author         = "Kim, Bongho and others",
      title          = "{Development of a microchannel plate based beam profile
                        monitor for a re-accelerated muon beam}",
      journal        = "Nucl. Instrum. Meth.",
      volume         = "A899",
      year           = "2018",
      pages          = "22-27",
      doi            = "10.1016/j.nima.2018.05.014",
      SLACcitation   = "%%CITATION = NUIMA,A899,22;%%"
}
@article{Otani:2016swo,
      author         = "Otani, M. and Mibe, T. and Yoshida, M. and Hasegawa, K.
                        and Kondo, Y. and Hayashizaki, N. and Iwashita, Y. and
                        Iwata, Y. and Kitamura, R. and Saito, N.",
      title          = "{Interdigital H-mode drift-tube linac design with
                        alternative phase focusing for muon linac}",
      journal        = "Phys. Rev. Accel. Beams",
      volume         = "19",
      year           = "2016",
      number         = "4",
      pages          = "040101",
      doi            = "10.1103/PhysRevAccelBeams.19.040101",
      SLACcitation   = "%%CITATION = INSPIRE-1455960;%%"
}
